{
  "leader": "02687cam a2200493 a 4500",
  "fields": [
    {
      "001": "ocn721085238"
    },
    {
      "003": "OCoLC"
    },
    {
      "005": "20220728124824.0"
    },
    {
      "008": "110502s2012\\\\\\\\mdua\\\\\\\\\\b\\\\\\\\001\\0ceng\\\\"
    },
    {
      "010": {
        "ind1": "\\",
        "ind2": "\\",
        "subfields": [
          {
            "a": "  2011016268"
          }
        ]
      }
    },
    {
      "040": {
        "ind1": "\\",
        "ind2": "\\",
        "subfields": [
          {
            "a": "DLC"
          },
          {
            "b": "eng"
          },
          {
            "c": "DLC"
          },
          {
            "d": "YDX"
          },
          {
            "d": "YDXCP"
          },
          {
            "d": "BWX"
          },
          {
            "d": "VVC"
          },
          {
            "d": "BDX"
          },
          {
            "d": "CDX"
          },
          {
            "d": "UKMGB"
          },
          {
            "d": "OCLCO"
          },
          {
            "d": "PUL"
          },
          {
            "d": "IAD"
          },
          {
            "d": "OCLCF"
          },
          {
            "d": "OCLCQ"
          },
          {
            "d": "OCLCO"
          },
          {
            "d": "OCLCQ"
          },
          {
            "d": "MDAVP"
          },
          {
            "d": "CKK"
          },
          {
            "d": "OCLCQ"
          },
          {
            "d": "AZU"
          },
          {
            "d": "OCLCO"
          }
        ]
      }
    },
    {
      "015": {
        "ind1": "\\",
        "ind2": "\\",
        "subfields": [
          {
            "a": "GBB249246"
          },
          {
            "2": "bnb"
          }
        ]
      }
    },
    {
      "016": {
        "ind1": "7",
        "ind2": "\\",
        "subfields": [
          {
            "a": "016088585"
          },
          {
            "2": "Uk"
          }
        ]
      }
    },
    {
      "019": {
        "ind1": "\\",
        "ind2": "\\",
        "subfields": [
          {
            "a": "774910836"
          }
        ]
      }
    },
    {
      "020": {
        "ind1": "\\",
        "ind2": "\\",
        "subfields": [
          {
            "a": "9781421402338"
          },
          {
            "q": "(hardcover ;"
          },
          {
            "q": "alk. paper)"
          }
        ]
      }
    },
    {
      "020": {
        "ind1": "\\",
        "ind2": "\\",
        "subfields": [
          {
            "a": "1421402335"
          },
          {
            "q": "(hardcover ;"
          },
          {
            "q": "alk. paper)"
          }
        ]
      }
    },
    {
      "020": {
        "ind1": "\\",
        "ind2": "\\",
        "subfields": [
          {
            "a": "9781421403632"
          },
          {
            "q": "(pbk. ;"
          },
          {
            "q": "alk. paper)"
          }
        ]
      }
    },
    {
      "020": {
        "ind1": "\\",
        "ind2": "\\",
        "subfields": [
          {
            "a": "1421403633"
          },
          {
            "q": "(pbk. ;"
          },
          {
            "q": "alk. paper)"
          }
        ]
      }
    },
    {
      "035": {
        "ind1": "\\",
        "ind2": "\\",
        "subfields": [
          {
            "a": "(OCoLC)721085238"
          },
          {
            "z": "(OCoLC)774910836"
          }
        ]
      }
    },
    {
      "042": {
        "ind1": "\\",
        "ind2": "\\",
        "subfields": [
          {
            "a": "pcc"
          }
        ]
      }
    },
    {
      "043": {
        "ind1": "\\",
        "ind2": "\\",
        "subfields": [
          {
            "a": "n-us---"
          }
        ]
      }
    },
    {
      "050": {
        "ind1": "0",
        "ind2": "0",
        "subfields": [
          {
            "a": "Q130"
          },
          {
            "b": ".R6835 2012"
          }
        ]
      }
    },
    {
      "082": {
        "ind1": "0",
        "ind2": "0",
        "subfields": [
          {
            "a": "509.2273"
          },
          {
            "b": "ROS"
          }
        ]
      }
    },
    {
      "049": {
        "ind1": "\\",
        "ind2": "\\",
        "subfields": [
          {
            "a": "UTBA"
          }
        ]
      }
    },
    {
      "100": {
        "ind1": "1",
        "ind2": "\\",
        "subfields": [
          {
            "a": "Rossiter, Margaret W."
          }
        ]
      }
    },
    {
      "245": {
        "ind1": "1",
        "ind2": "0",
        "subfields": [
          {
            "a": "Women scientists in America :"
          },
          {
            "b": "forging a new world since 1972 /"
          },
          {
            "c": "Margaret W. Rossiter."
          }
        ]
      }
    },
    {
      "260": {
        "ind1": "\\",
        "ind2": "\\",
        "subfields": [
          {
            "a": "Baltimore, Md. :"
          },
          {
            "b": "Johns Hopkins University Press,"
          },
          {
            "c": "\u00a92012."
          }
        ]
      }
    },
    {
      "300": {
        "ind1": "\\",
        "ind2": "\\",
        "subfields": [
          {
            "a": "xx, 426 pages :"
          },
          {
            "b": "illustrations ;"
          },
          {
            "c": "24 cm"
          }
        ]
      }
    },
    {
      "336": {
        "ind1": "\\",
        "ind2": "\\",
        "subfields": [
          {
            "a": "text"
          },
          {
            "b": "txt"
          },
          {
            "2": "rdacontent"
          }
        ]
      }
    },
    {
      "337": {
        "ind1": "\\",
        "ind2": "\\",
        "subfields": [
          {
            "a": "unmediated"
          },
          {
            "b": "n"
          },
          {
            "2": "rdamedia"
          }
        ]
      }
    },
    {
      "338": {
        "ind1": "\\",
        "ind2": "\\",
        "subfields": [
          {
            "a": "volume"
          },
          {
            "b": "nc"
          },
          {
            "2": "rdacarrier"
          }
        ]
      }
    },
    {
      "504": {
        "ind1": "\\",
        "ind2": "\\",
        "subfields": [
          {
            "a": "Includes bibliographical references (pages 399-409) and index."
          }
        ]
      }
    },
    {
      "505": {
        "ind1": "0",
        "ind2": "\\",
        "subfields": [
          {
            "a": "From \"sisterhood\" to interest group: learning to lobby -- Taking on academia: tokenism, \"revolving doors,\" and lawsuits to 1985 -- Taking advantage of undergraduate openings: impetus to ever-broadening reforms -- Innovative outreach: expanding girls' options and opportunities -- Using science to fight back: equal opportunity at the women's colleges -- Surviving the \"minefields\" in graduate school -- Postdoctoral pathways: preparation, holding pattern, or jumping-off point? -- Industrial and self-employment: entering wedges and entrepreneurs -- Federal employment: lawsuits and presidential appointees -- Nonprofit alternatives: speeding up, moving in, on, and even up -- Academia after Rajender: programs, publicity, and pressures -- Taking the scientific societies beyond recognition."
          }
        ]
      }
    },
    {
      "650": {
        "ind1": "\\",
        "ind2": "0",
        "subfields": [
          {
            "a": "Women scientists"
          },
          {
            "z": "United States"
          },
          {
            "x": "History"
          },
          {
            "y": "20th century."
          }
        ]
      }
    },
    {
      "650": {
        "ind1": "\\",
        "ind2": "0",
        "subfields": [
          {
            "a": "Women in science"
          },
          {
            "z": "United States"
          },
          {
            "x": "History"
          },
          {
            "y": "20th century."
          }
        ]
      }
    },
    {
      "650": {
        "ind1": "\\",
        "ind2": "0",
        "subfields": [
          {
            "a": "Women scientists"
          },
          {
            "z": "United States"
          },
          {
            "x": "History"
          },
          {
            "y": "21st century."
          }
        ]
      }
    },
    {
      "650": {
        "ind1": "\\",
        "ind2": "0",
        "subfields": [
          {
            "a": "Women in science"
          },
          {
            "z": "United States"
          },
          {
            "x": "History"
          },
          {
            "y": "21st century."
          }
        ]
      }
    },
    {
      "650": {
        "ind1": "\\",
        "ind2": "7",
        "subfields": [
          {
            "a": "Women in science."
          },
          {
            "2": "fast"
          },
          {
            "0": "(OCoLC)fst01177977"
          }
        ]
      }
    },
    {
      "650": {
        "ind1": "\\",
        "ind2": "7",
        "subfields": [
          {
            "a": "Women scientists."
          },
          {
            "2": "fast"
          },
          {
            "0": "(OCoLC)fst01178507"
          }
        ]
      }
    },
    {
      "651": {
        "ind1": "\\",
        "ind2": "7",
        "subfields": [
          {
            "a": "United States."
          },
          {
            "2": "fast"
          },
          {
            "0": "(OCoLC)fst01204155"
          }
        ]
      }
    },
    {
      "648": {
        "ind1": "\\",
        "ind2": "7",
        "subfields": [
          {
            "a": "1900 - 2099"
          },
          {
            "2": "fast"
          }
        ]
      }
    },
    {
      "655": {
        "ind1": "\\",
        "ind2": "7",
        "subfields": [
          {
            "a": "History."
          },
          {
            "2": "fast"
          },
          {
            "0": "(OCoLC)fst01411628"
          }
        ]
      }
    },
    {
      "999": {
        "ind1": "\\",
        "ind2": "\\",
        "subfields": [
          {
            "a": "00000000016722"
          }
        ]
      }
    },
    {
      "994": {
        "ind1": "\\",
        "ind2": "\\",
        "subfields": [
          {
            "a": "C0"
          },
          {
            "b": "UTBLW"
          }
        ]
      }
    }
  ]
}